<record><leader>00000cas a22000007a 4500</leader><controlfield tag="001">11779426</controlfield><controlfield tag="008">850308d18951917wiuwr ne      0    0eng d</controlfield><datafield ind1=" " ind2=" " tag="010"><subfield code="a">sn 85040300 </subfield></datafield><datafield ind1=" " ind2=" " tag="040"><subfield code="a">NPV</subfield><subfield code="b">eng</subfield><subfield code="c">NPV</subfield><subfield code="d">OCLCQ</subfield></datafield><datafield ind1=" " ind2=" " tag="042"><subfield code="a">msc</subfield></datafield><datafield ind1="0" ind2=" " tag="130"><subfield code="a">Kaukauna sun (Kaukauna, Wis. : 1895)</subfield></datafield><datafield ind1="1" ind2="4" tag="245"><subfield code="a">The Kaukauna sun.</subfield></datafield><datafield ind1=" " ind2=" " tag="260"><subfield code="a">South Kaukauna [i.e. Kaukauna], Wis. :</subfield><subfield code="b">Sun Pub. Co.,</subfield><subfield code="c">1895-1917.</subfield></datafield><datafield ind1=" " ind2=" " tag="300"><subfield code="a">24 v. :</subfield><subfield code="b">ill.</subfield></datafield><datafield ind1=" " ind2=" " tag="310"><subfield code="a">Weekly</subfield></datafield><datafield ind1="0" ind2=" " tag="362"><subfield code="a">10th year, no. 35 (Mar. 1, 1895)-33rd year, no. 23 (Dec. 6, 1917).</subfield></datafield><datafield ind1=" " ind2=" " tag="752"><subfield code="a">United States</subfield><subfield code="b">Wisconsin</subfield><subfield code="c">Outagamie</subfield><subfield code="d">Kaukauna.</subfield></datafield><datafield ind1="0" ind2="0" tag="780"><subfield code="t">Sun (Kaukauna, Wis.)</subfield><subfield code="w">(DLC)sn 85040299</subfield></datafield><datafield ind1="0" ind2="4" tag="785"><subfield code="t">Kaukauna times</subfield><subfield code="w">(DLC)sn 84024419</subfield></datafield></record>